<record><leader>00000cas a22000007a 4500</leader><controlfield tag="001">13622508</controlfield><controlfield tag="008">860522d18801897iauwr ne      0    0eng d</controlfield><datafield ind1=" " ind2=" " tag="010"><subfield code="a">sn 86060077 </subfield></datafield><datafield ind1=" " ind2=" " tag="040"><subfield code="a">INP</subfield><subfield code="b">eng</subfield><subfield code="c">INP</subfield><subfield code="d">OCLCQ</subfield></datafield><datafield ind1=" " ind2=" " tag="042"><subfield code="a">msc</subfield></datafield><datafield ind1="0" ind2="4" tag="245"><subfield code="a">The Afton enterprise.</subfield></datafield><datafield ind1=" " ind2=" " tag="260"><subfield code="a">Afton, Iowa :</subfield><subfield code="b">Baxter &amp; Claussen,</subfield><subfield code="c">1880-</subfield></datafield><datafield ind1=" " ind2=" " tag="300"><subfield code="a">v. :</subfield><subfield code="b">ill.</subfield></datafield><datafield ind1=" " ind2=" " tag="310"><subfield code="a">Weekly</subfield></datafield><datafield ind1="0" ind2=" " tag="362"><subfield code="a">Vol. 1, no. 1 (Jan. 8, 1880)-</subfield></datafield><datafield ind1="1" ind2=" " tag="362"><subfield code="a">Ceased in 1897?</subfield><subfield code="z">Cf. Bibl. of Iowa newspapers.</subfield></datafield><datafield ind1=" " ind2=" " tag="500"><subfield code="a">Publishers: Baxter &amp; Claussen, Jan. 8, 1880-&lt;Jan. 21, 1886&gt;; John J. Baxter, &lt;Feb. 9, 1888-Dec. 24, 1896&gt;.</subfield></datafield><datafield ind1=" " ind2=" " tag="515"><subfield code="a">Occasional errors in numbering.</subfield></datafield><datafield ind1=" " ind2=" " tag="525"><subfield code="a">Includes frequent supplements.</subfield></datafield><datafield ind1=" " ind2=" " tag="752"><subfield code="a">United States</subfield><subfield code="b">Iowa</subfield><subfield code="c">Union</subfield><subfield code="d">Afton.</subfield></datafield><datafield ind1="0" ind2="5" tag="780"><subfield code="t">Tribune-news (Afton, Iowa)</subfield><subfield code="w">(DLC)sn 87057346</subfield></datafield><datafield ind1="0" ind2="7" tag="785"><subfield code="t">Afton star</subfield></datafield><datafield ind1="0" ind2="7" tag="785"><subfield code="t">Afton star-enterprise</subfield><subfield code="w">(DLC)sn 86060078</subfield></datafield></record>